<record><leader>00000cas a22000007a 4500</leader><controlfield tag="001">38285975</controlfield><controlfield tag="008">980129d19861988cauwr ne      0    0eng d</controlfield><datafield ind1=" " ind2=" " tag="010"><subfield code="a">sn 98061211 </subfield></datafield><datafield ind1=" " ind2=" " tag="040"><subfield code="a">CNK</subfield><subfield code="b">eng</subfield><subfield code="c">CNK</subfield><subfield code="d">OCLCQ</subfield><subfield code="d">CRU</subfield><subfield code="d">OCLCQ</subfield><subfield code="d">OCLCF</subfield><subfield code="d">OCLCO</subfield></datafield><datafield ind1="1" ind2=" " tag="029"><subfield code="a">AU@</subfield><subfield code="b">000013709371</subfield></datafield><datafield ind1=" " ind2=" " tag="042"><subfield code="a">msc</subfield></datafield><datafield ind1=" " ind2=" " tag="043"><subfield code="a">n-us-ca</subfield></datafield><datafield ind1="1" ind2="4" tag="050"><subfield code="a">AN1.C36</subfield><subfield code="b">B84</subfield></datafield><datafield ind1="0" ind2="0" tag="245"><subfield code="a">Cerritos/Artesia/Hawaiian Gardens community advocate.</subfield></datafield><datafield ind1="3" ind2=" " tag="246"><subfield code="a">Community advocate</subfield></datafield><datafield ind1=" " ind2=" " tag="260"><subfield code="a">South Gate, Calif. :</subfield><subfield code="b">Robert J. Hively</subfield></datafield><datafield ind1=" " ind2=" " tag="300"><subfield code="a">v.</subfield></datafield><datafield ind1=" " ind2=" " tag="310"><subfield code="a">Weekly</subfield></datafield><datafield ind1="0" ind2=" " tag="362"><subfield code="a">Vol. 35, no. 15 (May 15, 1986)-37th year, no. 19 (May 12, 1988).</subfield></datafield><datafield ind1=" " ind2=" " tag="500"><subfield code="a">"Cerritos/Artesia/Hawaiian Gardens" appears in different locations in masthead.</subfield></datafield><datafield ind1=" " ind2="0" tag="651"><subfield code="a">Cerritos (Calif.)</subfield><subfield code="v">Newspapers.</subfield></datafield><datafield ind1=" " ind2="0" tag="651"><subfield code="a">Artesia (Calif.)</subfield><subfield code="v">Newspapers.</subfield></datafield><datafield ind1=" " ind2="0" tag="651"><subfield code="a">Hawaiian Gardens (Calif.)</subfield><subfield code="v">Newspapers.</subfield></datafield><datafield ind1=" " ind2="7" tag="655"><subfield code="a">Newspapers.</subfield><subfield code="2">fast</subfield><subfield code="0">(OCoLC)fst01423814</subfield></datafield><datafield ind1=" " ind2="7" tag="651"><subfield code="a">California</subfield><subfield code="z">Artesia.</subfield><subfield code="2">fast</subfield><subfield code="0">(OCoLC)fst01218714</subfield></datafield><datafield ind1=" " ind2="7" tag="651"><subfield code="a">California</subfield><subfield code="z">Cerritos.</subfield><subfield code="2">fast</subfield><subfield code="0">(OCoLC)fst01226770</subfield></datafield><datafield ind1=" " ind2="7" tag="651"><subfield code="a">California</subfield><subfield code="z">Hawaiian Gardens.</subfield><subfield code="2">fast</subfield><subfield code="0">(OCoLC)fst01226333</subfield></datafield><datafield ind1=" " ind2=" " tag="752"><subfield code="a">United States</subfield><subfield code="b">California</subfield><subfield code="c">Los Angeles</subfield><subfield code="d">South Gate.</subfield></datafield><datafield ind1="0" ind2="0" tag="780"><subfield code="t">Community advocate (South Gate, Calif.)</subfield><subfield code="w">(DLC)sn 98061209</subfield></datafield><datafield ind1="0" ind2="0" tag="785"><subfield code="t">Cerritos/Artesia community advocate</subfield><subfield code="w">(DLC)sn 98061212</subfield></datafield></record>